%% This BibTeX bibliography file was created using BibDesk.
%% http://bibdesk.sourceforge.net/


%% Created for Patrick Vargas at 2014-03-11 22:30:01 -0600 


%% Saved with string encoding Unicode (UTF-8) 



@article{blodgett07,
	Author = {Bridget M. Blodgett, Heng Xu, Eileen M. Trauth},
	Date-Added = {2014-03-12 04:28:20 +0000},
	Date-Modified = {2014-03-12 04:30:00 +0000},
	Journal = {The DATA BASE for Advances in Information Systems},
	Keywords = {Diversity, Gender, Social Identites, Trust, Virtual Worlds},
	Month = {November},
	Number = {4},
	Pages = {97-99},
	Title = {Lesbian, Gay, Bisexual and Transgender (LGBT) Issues in Virtual Worlds},
	Volume = {38},
	Year = {2007}}

@article{bond13,
	Author = {Bradley J. Bond, Veronica Hefner, Kristin L. Drogos},
	Date-Added = {2014-03-11 03:40:08 +0000},
	Date-Modified = {2014-03-11 03:42:09 +0000},
	Journal = {Sexuality \& Culture},
	Month = {December},
	Pages = {32-50},
	Title = {Information-seeking practices during the sexual development of lesbian, gay and bisexual individuals: The influence and effects of coming out in a mediated environment.},
	Volume = {13},
	Year = {2009}}

@article{eyes13,
	Author = {Convenant Eyes},
	Date-Added = {2014-03-11 03:19:16 +0000},
	Date-Modified = {2014-03-11 03:20:22 +0000},
	Title = {Pornography statistics: 250+ facst, quotes, and statistics about pornogrpahy use},
	Year = {2013}}

@article{kannabiran11,
	Author = {Gopinaath Kannabiran, Jeffrey Bardzell, Shaowen Bardzell},
	Date-Added = {2014-03-11 02:52:08 +0000},
	Date-Modified = {2014-03-11 02:54:08 +0000},
	Journal = {CHI 2011},
	Month = {May},
	Title = {How HCI talks about sexuality: Discursive strategies, blind spots, and opportunities for future research},
	Year = {2011}}

@proceedings{coopersmith99,
	Author = {Jonathan Coopersmith},
	Date-Added = {2014-03-10 00:47:02 +0000},
	Date-Modified = {2014-03-10 00:50:01 +0000},
	Journal = {Proceedings of IEEE ISTAS '99},
	Organization = {IEEE},
	Title = {Sex, vibes \& videotape: Sexuality \& electrical technology in the 20th century},
	Year = {1999}}

@article{bell05,
	Author = {Genevieve Bell, Mark Blythe, Phoebe Sengers},
	Date-Added = {2014-03-10 00:40:51 +0000},
	Date-Modified = {2014-03-10 00:42:38 +0000},
	Journal = {ACM Transations on Computer-Human Interaction},
	Month = {June},
	Number = {2},
	Pages = {149-173},
	Title = {Making by Making Strange: Defamiliarization and the Design of Domestic Technologies},
	Volume = {12},
	Year = {2005}}

@article{branwyn99,
	Annote = {www.danni.com/press/industrystan_032299.html},
	Author = {G Branwyn},
	Date-Added = {2014-03-10 00:26:44 +0000},
	Date-Modified = {2014-03-10 00:27:58 +0000},
	Journal = {The Industry Standard},
	Month = {March},
	Pages = {36-38},
	Title = {How the porn sites do it},
	Url = {www.danni.com/press/industrystan_032299.html},
	Year = {1999},
	Bdsk-Url-1 = {www.danni.com/press/industrystan_032299.html}}

@article{burst13,
	Author = {Burst Media},
	Date-Added = {2014-03-09 23:35:10 +0000},
	Date-Modified = {2014-03-09 23:36:59 +0000},
	Month = {April},
	Title = {Expanding the conversation: Leveraging social media for brand interation},
	Year = {2013}}

@article{hafkin08,
	Author = {Nancy J. Hafkin},
	Date-Added = {2014-03-09 23:21:43 +0000},
	Date-Modified = {2014-03-09 23:23:11 +0000},
	Journal = {The MIT Press},
	Number = {2},
	Pages = {25-41},
	Title = {Women and Gender in ICT Statistics and Indicators for Development},
	Volume = {4},
	Year = {2008}}

@article{huhman12,
	Author = {Heather R. Huhman},
	Date-Added = {2014-03-09 23:15:25 +0000},
	Date-Modified = {2014-03-09 23:18:04 +0000},
	Lastchecked = {2014, March 9},
	Month = {6},
	Title = {STEM fields and the gender gap: Where are the women?},
	Url = {http://www.forbes.com/sites/work-in-progress/2012/06/20/stem-fields-and-the-gender-gap-where-are-the-women/},
	Urldate = {2012, June 20},
	Year = {2012},
	Bdsk-Url-1 = {http://www.forbes.com/sites/work-in-progress/2012/06/20/stem-fields-and-the-gender-gap-where-are-the-women/}}

@periodical{light10,
	Author = {Ben Light},
	Date-Added = {2014-03-09 22:56:02 +0000},
	Date-Modified = {2014-03-09 23:17:49 +0000},
	Read = {1},
	Title = {Lesbian, Gay, Bi and Trans (LGBT) Experiences with Digital Media},
	Year = {2010}}
